@unpublished{zerosumstochastic,
  title={Best Response Dynamics in Zero-sum Stochastic Games}
  author={Leslie, David and Perkins, Steven and Xu, Zibo}
  year={2018}
}

@article{bello2016neural,
  title={Neural combinatorial optimization with reinforcement learning},
  author={Bello, Irwan and Pham, Hieu and Le, Quoc V and Norouzi, Mohammad and Bengio, Samy},
  journal={arXiv preprint arXiv:1611.09940},
  year={2016}
}


@inproceedings{mao2016resource,
  title={Resource management with deep reinforcement learning},
  author={Mao, Hongzi and Alizadeh, Mohammad and Menache, Ishai and Kandula, Srikanth},
  booktitle={Proceedings of the 15th ACM Workshop on Hot Topics in Networks},
  pages={50--56},
  year={2016},
  organization={ACM}
}

@article{nazari2018deep,
  title={Deep Reinforcement Learning for Solving the Vehicle Routing Problem},
  author={Nazari, Mohammadreza and Oroojlooy, Afshin and Snyder, Lawrence V and Tak{\'a}{\v{c}}, Martin},
  journal={arXiv preprint arXiv:1802.04240},
  year={2018}
}

@article{oda2018movi,
  title={MOVI: A Model-Free Approach to Dynamic Fleet Management},
  author={Oda, Takuma and Joe-Wong, Carlee},
  journal={IEEE INFOCOM},
  year={2018}
}

@inproceedings{sutskever2014sequence,
  title={Sequence to sequence learning with neural networks},
  author={Sutskever, Ilya and Vinyals, Oriol and Le, Quoc V},
  booktitle={Advances in neural information processing systems},
  pages={3104--3112},
  year={2014}
}

@inproceedings{vinyals2015pointer,
  title={Pointer networks},
  author={Vinyals, Oriol and Fortunato, Meire and Jaitly, Navdeep},
  booktitle={Advances in Neural Information Processing Systems},
  pages={2692--2700},
  year={2015}
}

@article{vinyals2015order,
  title={Order matters: Sequence to sequence for sets},
  author={Vinyals, Oriol and Bengio, Samy and Kudlur, Manjunath},
  journal={arXiv preprint arXiv:1511.06391},
  year={2015}
}

@article{mnih2015human,
  title={Human-level control through deep reinforcement learning},
  author={Mnih, Volodymyr and Kavukcuoglu, Koray and Silver, David and Rusu, Andrei A and Veness, Joel and Bellemare, Marc G and Graves, Alex and Riedmiller, Martin and Fidjeland, Andreas K and Ostrovski, Georg and others},
  journal={Nature},
  volume={518},
  number={7540},
  pages={529},
  year={2015},
  publisher={Nature Publishing Group}
}

@article{munkres1957algorithms,
  title={Algorithms for the assignment and transportation problems},
  author={Munkres, James},
  journal={Journal of the society for industrial and applied mathematics},
  volume={5},
  number={1},
  pages={32--38},
  year={1957},
  publisher={SIAM}
}

@inproceedings{didi2018,
 author = {Xu, Zhe and Li, Zhixin and Guan, Qingwen and Zhang, Dingshui and Li, Qiang and Nan, Junxiao and Liu, Chunyang and Bian, Wei and Ye, Jieping},
 title = {Large-Scale Order Dispatch in On-Demand Ride-Hailing Platforms: A Learning and Planning Approach},
 booktitle = {Proceedings of the 24th ACM SIGKDD International Conference on Knowledge Discovery \&\#38; Data Mining},
 series = {KDD '18},
 year = {2018},
 isbn = {978-1-4503-5552-0},
 location = {London, United Kingdom},
 pages = {905--913},
 numpages = {9},
 url = {http://doi.acm.org/10.1145/3219819.3219824},
 doi = {10.1145/3219819.3219824},
 acmid = {3219824},
 publisher = {ACM},
 address = {New York, NY, USA},
 keywords = {intelligent transportation system, multi-agent system, order dispatch, reinforcement learning, planning},
} 



@article{huber1964robust,
  title={Robust estimation of a location parameter},
  author={Huber, Peter J},
  journal={The annals of mathematical statistics},
  pages={73--101},
  year={1964},
  publisher={JSTOR}
}

@inproceedings{mnih2016asynchronous,
  title={Asynchronous methods for deep reinforcement learning},
  author={Mnih, Volodymyr and Badia, Adria Puigdomenech and Mirza, Mehdi and Graves, Alex and Lillicrap, Timothy and Harley, Tim and Silver, David and Kavukcuoglu, Koray},
  booktitle={International Conference on Machine Learning},
  pages={1928--1937},
  year={2016}
}

@inproceedings{khalil2017learning,
  title={Learning combinatorial optimization algorithms over graphs},
  author={Khalil, Elias and Dai, Hanjun and Zhang, Yuyu and Dilkina, Bistra and Song, Le},
  booktitle={Advances in Neural Information Processing Systems},
  pages={6351--6361},
  year={2017}
}

@Misc{gaia2017,
author = {{Didi Chuxing}},
title = {Didi launches GAIA initiative to facilitate data-driven research in transportation},
howpublished = {\textsc{url:}~\url{http://www.didichuxing.com/en/press-news/bgcitgfc.html}},
year = {2017}
}

@inproceedings{mnih2014recurrent,
  title={Recurrent models of visual attention},
  author={Mnih, Volodymyr and Heess, Nicolas and Graves, Alex and others},
  booktitle={Advances in neural information processing systems},
  pages={2204--2212},
  year={2014}
}

@article{littman2001value,
  title={Value-function reinforcement learning in Markov games},
  author={Littman, Michael L},
  journal={Cognitive Systems Research},
  volume={2},
  number={1},
  pages={55--66},
  year={2001},
  publisher={Elsevier}
}

@inproceedings{claus1998dynamics,
  title={The dynamics of reinforcement learning in cooperative multiagent systems},
  author={Claus, Caroline and Boutilier, Craig},
  booktitle={Proceedings of the AAAI conference on artificial intelligence},
  volume={1998},
  pages={746--752},
  year={1998}
}

@inproceedings{tumer2004time,
  title={Time-extended policies in multi-agent reinforcement learning},
  author={Tumer, Kagan and Agogino, Adrian K},
  booktitle={Proceedings of the Third International Joint Conference on Autonomous Agents and Multiagent Systems-Volume 3},
  pages={1338--1339},
  year={2004},
  organization={IEEE Computer Society}
}


@inproceedings{mnih2016asynchronous,
  title={Asynchronous methods for deep reinforcement learning},
  author={Mnih, Volodymyr and Badia, Adria Puigdomenech and Mirza, Mehdi and Graves, Alex and Lillicrap, Timothy and Harley, Tim and Silver, David and Kavukcuoglu, Koray},
  booktitle={International conference on machine learning},
  pages={1928--1937},
  year={2016}
}

@incollection{wolpert2002optimal,
  title={Optimal payoff functions for members of collectives},
  author={Wolpert, David H and Tumer, Kagan},
  booktitle={Modeling complexity in economic and social systems},
  pages={355--369},
  year={2002},
  publisher={World Scientific}
}

@book{fudenberg1998theory,
  title={The theory of learning in games},
  author={Fudenberg, Drew and Drew, Fudenberg and Levine, David K and Levine, David K},
  volume={2},
  year={1998},
  publisher={MIT press}
}

@article{lin2018efficient,
  title={Efficient Large-Scale Fleet Management via Multi-Agent Deep Reinforcement Learning},
  author={Lin, Kaixiang and Zhao, Renyu and Xu, Zhe and Zhou, Jiayu},
  journal={arXiv preprint arXiv:1802.06444},
  year={2018}
}

@inproceedings{xu2018large,
  title={Large-Scale Order Dispatch in On-Demand Ride-Hailing Platforms: A Learning and Planning Approach},
  author={Xu, Zhe and Li, Zhixin and Guan, Qingwen and Zhang, Dingshui and Li, Qiang and Nan, Junxiao and Liu, Chunyang and Bian, Wei and Ye, Jieping},
  booktitle={Proceedings of the 24th ACM SIGKDD International Conference on Knowledge Discovery \& Data Mining},
  pages={905--913},
  year={2018},
  organization={ACM}
}

@article{crites1998elevator,
  title={Elevator group control using multiple reinforcement learning agents},
  author={Crites, Robert H and Barto, Andrew G},
  journal={Machine learning},
  volume={33},
  number={2-3},
  pages={235--262},
  year={1998},
  publisher={Springer}
}

@inproceedings{zhang2017taxi,
  title={A taxi order dispatch model based on combinatorial optimization},
  author={Zhang, Lingyu and Hu, Tao and Min, Yue and Wu, Guobin and Zhang, Junying and Feng, Pengcheng and Gong, Pinghua and Ye, Jieping},
  booktitle={Proceedings of the 23rd ACM SIGKDD International Conference on Knowledge Discovery and Data Mining},
  pages={2151--2159},
  year={2017},
  organization={ACM}
}


@article{silver2016mastering,
  title={Mastering the game of Go with deep neural networks and tree search},
  author={Silver, David and Huang, Aja and Maddison, Chris J and Guez, Arthur and Sifre, Laurent and Van Den Driessche, George and Schrittwieser, Julian and Antonoglou, Ioannis and Panneershelvam, Veda and Lanctot, Marc and others},
  journal={nature},
  volume={529},
  number={7587},
  pages={484},
  year={2016},
  publisher={Nature Publishing Group}
}

@article{alphazero,
  author    = {David Silver and
               Thomas Hubert and
               Julian Schrittwieser and
               Ioannis Antonoglou and
               Matthew Lai and
               Arthur Guez and
               Marc Lanctot and
               Laurent Sifre and
               Dharshan Kumaran and
               Thore Graepel and
               Timothy P. Lillicrap and
               Karen Simonyan and
               Demis Hassabis},
  title     = {Mastering Chess and Shogi by Self-Play with a General Reinforcement
               Learning Algorithm},
  journal   = {CoRR},
  volume    = {abs/1712.01815},
  year      = {2017},
  url       = {http://arxiv.org/abs/1712.01815},
  archivePrefix = {arXiv},
  eprint    = {1712.01815},
  timestamp = {Mon, 13 Aug 2018 16:46:01 +0200},
  biburl    = {https://dblp.org/rec/bib/journals/corr/abs-1712-01815},
  bibsource = {dblp computer science bibliography, https://dblp.org}
}

@inproceedings{trpo,
  title={Trust region policy optimization},
  author={Schulman, John and Levine, Sergey and Abbeel, Pieter and Jordan, Michael and Moritz, Philipp},
  booktitle={International Conference on Machine Learning},
  pages={1889--1897},
  year={2015}
}

@article{ddpg,
  title={Continuous control with deep reinforcement learning},
  author={Lillicrap, Timothy P and Hunt, Jonathan J and Pritzel, Alexander and Heess, Nicolas and Erez, Tom and Tassa, Yuval and Silver, David and Wierstra, Daan},
  journal={arXiv preprint arXiv:1509.02971},
  year={2015}
}


@article{leslie2005individual,
  title={Individual Q-learning in normal form games},
  author={Leslie, David S and Collins, Edmund J},
  journal={SIAM Journal on Control and Optimization},
  volume={44},
  number={2},
  pages={495--514},
  year={2005},
  publisher={SIAM}
}

@inproceedings{gupta2017cooperative,
  title={Cooperative multi-agent control using deep reinforcement learning},
  author={Gupta, Jayesh K and Egorov, Maxim and Kochenderfer, Mykel},
  booktitle={International Conference on Autonomous Agents and Multiagent Systems},
  pages={66--83},
  year={2017},
  organization={Springer}
}

@article{watkins1992q,
  title={Q-learning},
  author={Watkins, Christopher JCH and Dayan, Peter},
  journal={Machine learning},
  volume={8},
  number={3-4},
  pages={279--292},
  year={1992},
  publisher={Springer}
}

@article{monderer1996potential,
  title={Potential games},
  author={Monderer, Dov and Shapley, Lloyd S},
  journal={Games and economic behavior},
  volume={14},
  number={1},
  pages={124--143},
  year={1996},
  publisher={Elsevier}
}

@article{rosenthal1973class,
  title={A class of games possessing pure-strategy Nash equilibria},
  author={Rosenthal, Robert W},
  journal={International Journal of Game Theory},
  volume={2},
  number={1},
  pages={65--67},
  year={1973},
  publisher={Springer}
}

@book{nisan2007algorithmic,
  title={Algorithmic game theory},
  author={Nisan, Noam and Roughgarden, Tim and Tardos, Eva and Vazirani, Vijay V},
  year={2007},
  publisher={Cambridge university press}
}

@article{gibbens1999resource,
  title={Resource pricing and the evolution of congestion control},
  author={Gibbens, Richard J and Kelly, Frank P},
  journal={Automatica},
  volume={35},
  number={12},
  pages={1969--1985},
  year={1999},
  publisher={Elsevier}
}

@article{marden2012revisiting,
  title={Revisiting log-linear learning: Asynchrony, completeness and payoff-based implementation},
  author={Marden, Jason R and Shamma, Jeff S},
  journal={Games and Economic Behavior},
  volume={75},
  number={2},
  pages={788--808},
  year={2012},
  publisher={Elsevier}
}

@article{young1993evolution,
  title={The evolution of conventions},
  author={Young, H Peyton},
  journal={Econometrica: Journal of the Econometric Society},
  pages={57--84},
  year={1993},
  publisher={JSTOR}
}

@article{levy2013discounted,
  title={Discounted stochastic games with no stationary Nash equilibrium: two examples},
  author={Levy, Yehuda},
  journal={Econometrica},
  volume={81},
  number={5},
  pages={1973--2007},
  year={2013},
  publisher={Wiley Online Library}
}

@article{nash1950equilibrium,
  title={Equilibrium points in n-person games},
  author={Nash, John F and others},
  journal={Proceedings of the national academy of sciences},
  volume={36},
  number={1},
  pages={48--49},
  year={1950},
  publisher={USA}
}

@article{nash1951non,
  title={Non-cooperative games},
  author={Nash, John},
  journal={Annals of mathematics},
  pages={286--295},
  year={1951},
  publisher={JSTOR}
}

@book{fudenberg1998theory,
  title={The theory of learning in games},
  author={Fudenberg, Drew and Drew, Fudenberg and Levine, David K and Levine, David K},
  volume={2},
  year={1998},
  publisher={MIT press}
}

@article{hu2003nash,
  title={Nash Q-learning for general-sum stochastic games},
  author={Hu, Junling and Wellman, Michael P},
  journal={Journal of machine learning research},
  volume={4},
  number={Nov},
  pages={1039--1069},
  year={2003}
}


@inproceedings{bowling2001rational,
  title={Rational and convergent learning in stochastic games},
  author={Bowling, Michael and Veloso, Manuela},
  booktitle={International joint conference on artificial intelligence},
  volume={17},
  number={1},
  pages={1021--1026},
  year={2001},
  organization={Lawrence Erlbaum Associates Ltd}
}

@book{nisan2007algorithmic,
  title={Algorithmic game theory},
  author={Nisan, Noam and Roughgarden, Tim and Tardos, Eva and Vazirani, Vijay V},
  year={2007},
  publisher={Cambridge university press}
}


% applications of potential games

@article{buzzi2011potential,
  title={Potential games for energy-efficient power control and subcarrier allocation in uplink multicell OFDMA systems},
  author={Buzzi, Stefano and Colavolpe, Giulio and Saturnino, Daniela and Zappone, Alessio},
  journal={IEEE Journal of Selected Topics in Signal Processing},
  volume={6},
  number={2},
  pages={89--103},
  year={2011},
  publisher={IEEE}
}

@article{cheng2014finite,
  title={On finite potential games},
  author={Cheng, Daizhan},
  journal={Automatica},
  volume={50},
  number={7},
  pages={1793--1801},
  year={2014},
  publisher={Elsevier}
}

@article{li2013designing,
  title={Designing games for distributed optimization},
  author={Li, Na and Marden, Jason R},
  journal={IEEE Journal of Selected Topics in Signal Processing},
  volume={7},
  number={2},
  pages={230--242},
  year={2013},
  publisher={IEEE}
}

@inproceedings{marden2007connections,
  title={Connections between cooperative control and potential games illustrated on the consensus problem},
  author={Marden, Jason R and Arslan, G{\"u}rdal and Shamma, Jeff S},
  booktitle={2007 European Control Conference (ECC)},
  pages={4604--4611},
  year={2007},
  organization={IEEE}
}

@article{saad2012game,
  title={Game theoretic methods for the smart grid},
  author={Saad, Walid and Han, Zhu and Poor, H Vincent and Ba{\c{s}}ar, Tamer},
  journal={arXiv preprint arXiv:1202.0452},
  year={2012}
}

@inproceedings{scutari2006potential,
  title={Potential games: A framework for vector power control problems with coupled constraints},
  author={Scutari, Gesualdo and Barbarossa, Sergio and Palomar, Daniel P},
  booktitle={2006 IEEE International Conference on Acoustics Speech and Signal Processing Proceedings},
  volume={4},
  pages={IV--IV},
  year={2006},
  organization={IEEE}
}

@inproceedings{soto2009distributed,
  title={Distributed multi-target tracking in a self-configuring camera network},
  author={Soto, Cristian and Song, Bi and Roy-Chowdhury, Amit K},
  booktitle={2009 IEEE Conference on Computer Vision and Pattern Recognition},
  pages={1486--1493},
  year={2009},
  organization={IEEE}
}

@article{sandholm2001potential,
  title={Potential games with continuous player sets},
  author={Sandholm, William H},
  journal={Journal of Economic theory},
  volume={97},
  number={1},
  pages={81--108},
  year={2001},
  publisher={Elsevier}
}

% Fictitious Play
@article{brown1951iterative,
  title={Iterative solution of games by fictitious play},
  author={Brown, George W},
  journal={Activity analysis of production and allocation},
  volume={13},
  number={1},
  pages={374--376},
  year={1951},
  publisher={New York}
}

% Neural Networks
@article{mcculloch1943logical,
  title={A logical calculus of the ideas immanent in nervous activity},
  author={McCulloch, Warren S and Pitts, Walter},
  journal={The bulletin of mathematical biophysics},
  volume={5},
  number={4},
  pages={115--133},
  year={1943},
  publisher={Springer}
}

@book{hebb2005organization,
  title={The organization of behavior: A neuropsychological theory},
  author={Hebb, Donald Olding},
  year={2005},
  publisher={Psychology Press}
}

@article{rumelhart1988learning,
  title={Learning representations by back-propagating errors},
  author={Rumelhart, David E and Hinton, Geoffrey E and Williams, Ronald J and others},
  journal={Cognitive modeling},
  volume={5},
  number={3},
  pages={1},
  year={1988}
}

@inproceedings{krizhevsky2012imagenet,
  title={Imagenet classification with deep convolutional neural networks},
  author={Krizhevsky, Alex and Sutskever, Ilya and Hinton, Geoffrey E},
  booktitle={Advances in neural information processing systems},
  pages={1097--1105},
  year={2012}
}

@article{kim2014convolutional,
  title={Convolutional neural networks for sentence classification},
  author={Kim, Yoon},
  journal={arXiv preprint arXiv:1408.5882},
  year={2014}
}

@inproceedings{mikolov2010recurrent,
  title={Recurrent neural network based language model},
  author={Mikolov, Tom{\'a}{\v{s}} and Karafi{\'a}t, Martin and Burget, Luk{\'a}{\v{s}} and {\v{C}}ernock{\`y}, Jan and Khudanpur, Sanjeev},
  booktitle={Eleventh annual conference of the international speech communication association},
  year={2010}
}

@article{graves2013generating,
  title={Generating sequences with recurrent neural networks},
  author={Graves, Alex},
  journal={arXiv preprint arXiv:1308.0850},
  year={2013}
}

@article{gregor2015draw,
  title={Draw: A recurrent neural network for image generation},
  author={Gregor, Karol and Danihelka, Ivo and Graves, Alex and Rezende, Danilo Jimenez and Wierstra, Daan},
  journal={arXiv preprint arXiv:1502.04623},
  year={2015}
}

@inproceedings{vaswani2017attention,
  title={Attention is all you need},
  author={Vaswani, Ashish and Shazeer, Noam and Parmar, Niki and Uszkoreit, Jakob and Jones, Llion and Gomez, Aidan N and Kaiser, {\L}ukasz and Polosukhin, Illia},
  booktitle={Advances in neural information processing systems},
  pages={5998--6008},
  year={2017}
}

@inproceedings{xu2015show,
  title={Show, attend and tell: Neural image caption generation with visual attention},
  author={Xu, Kelvin and Ba, Jimmy and Kiros, Ryan and Cho, Kyunghyun and Courville, Aaron and Salakhudinov, Ruslan and Zemel, Rich and Bengio, Yoshua},
  booktitle={International conference on machine learning},
  pages={2048--2057},
  year={2015}
}

@book{goodfellow2016deep,
  title={Deep learning},
  author={Goodfellow, Ian and Bengio, Yoshua and Courville, Aaron},
  year={2016},
  publisher={MIT press}
}

@article{schmidhuber2015deep,
  title={Deep learning in neural networks: An overview},
  author={Schmidhuber, J{\"u}rgen},
  journal={Neural networks},
  volume={61},
  pages={85--117},
  year={2015},
  publisher={Elsevier}
}

@article{jastrzkebski2018finding,
  title={Finding flatter minima with SGD},
  author={Jastrz{\k{e}}bski, Stanis{\l}aw and Kenton, Zachary and Arpit, Devansh and Ballas, Nicolas and Fischer, Asja and Bengio, Yoshua and Storkey, Amos},
  year={2018}
}

@phdthesis{poggio2017theory,
  title={Theory II: Landscape of the empirical risk in deep learning},
  author={Poggio, Tomaso and Liao, Qianli},
  year={2017},
  school={Center for Brains, Minds and Machines (CBMM), arXiv}
}

% Learning in iterated games
@article{fudenberg1993learning,
  title={Learning mixed equilibria},
  author={Fudenberg, Drew and Kreps, David M},
  journal={Games and Economic Behavior},
  volume={5},
  number={3},
  pages={320--367},
  year={1993},
  publisher={Elsevier}
}

@article{hofbauer2005learning,
  title={Learning in perturbed asymmetric games},
  author={Hofbauer, Josef and Hopkins, Ed},
  journal={Games and Economic Behavior},
  volume={52},
  number={1},
  pages={133--152},
  year={2005},
  publisher={Elsevier}
}

@article{marden2009joint,
  title={Joint strategy fictitious play with inertia for potential games},
  author={Marden, Jason R and Arslan, G{\"u}rdal and Shamma, Jeff S},
  journal={IEEE Transactions on Automatic Control},
  volume={54},
  number={2},
  pages={208--220},
  year={2009},
  publisher={IEEE}
}

% Learning in stochastic games
@inproceedings{bowling2000convergence,
  title={Convergence problems of general-sum multiagent reinforcement learning},
  author={Bowling, Michael},
  booktitle={ICML},
  pages={89--94},
  year={2000}
}

@techreport{bowling2000analysis,
  title={An analysis of stochastic game theory for multiagent reinforcement learning},
  author={Bowling, Michael and Veloso, Manuela},
  year={2000},
  institution={Carnegie-Mellon Univ Pittsburgh Pa School of Computer Science}
}

@incollection{littman1994markov,
  title={Markov games as a framework for multi-agent reinforcement learning},
  author={Littman, Michael L},
  booktitle={Machine learning proceedings 1994},
  pages={157--163},
  year={1994},
  publisher={Elsevier}
}

@inproceedings{foerster2018counterfactual,
  title={Counterfactual multi-agent policy gradients},
  author={Foerster, Jakob N and Farquhar, Gregory and Afouras, Triantafyllos and Nardelli, Nantas and Whiteson, Shimon},
  booktitle={Thirty-Second AAAI Conference on Artificial Intelligence},
  year={2018}
}

@article{rashid2018qmix,
  title={QMIX: monotonic value function factorisation for deep multi-agent reinforcement learning},
  author={Rashid, Tabish and Samvelyan, Mikayel and De Witt, Christian Schroeder and Farquhar, Gregory and Foerster, Jakob and Whiteson, Shimon},
  journal={arXiv preprint arXiv:1803.11485},
  year={2018}
}

@article{balduzzi2018mechanics,
  title={The mechanics of n-player differentiable games},
  author={Balduzzi, David and Racaniere, Sebastien and Martens, James and Foerster, Jakob and Tuyls, Karl and Graepel, Thore},
  journal={arXiv preprint arXiv:1802.05642},
  year={2018}
}

@article{yang2018mean,
  title={Mean field multi-agent reinforcement learning},
  author={Yang, Yaodong and Luo, Rui and Li, Minne and Zhou, Ming and Zhang, Weinan and Wang, Jun},
  journal={arXiv preprint arXiv:1802.05438},
  year={2018}
}

@article{tampuu2017multiagent,
  title={Multiagent cooperation and competition with deep reinforcement learning},
  author={Tampuu, Ardi and Matiisen, Tambet and Kodelja, Dorian and Kuzovkin, Ilya and Korjus, Kristjan and Aru, Juhan and Aru, Jaan and Vicente, Raul},
  journal={PloS one},
  volume={12},
  number={4},
  pages={e0172395},
  year={2017},
  publisher={Public Library of Science}
}

@inproceedings{omidshafiei2017deep,
  title={Deep decentralized multi-task multi-agent reinforcement learning under partial observability},
  author={Omidshafiei, Shayegan and Pazis, Jason and Amato, Christopher and How, Jonathan P and Vian, John},
  booktitle={Proceedings of the 34th International Conference on Machine Learning-Volume 70},
  pages={2681--2690},
  year={2017},
  organization={JMLR. org}
}

@article{van2016coordinated,
  title={Coordinated deep reinforcement learners for traffic light control},
  author={Van der Pol, Elise and Oliehoek, Frans A},
  journal={Proceedings of Learning, Inference and Control of Multi-Agent Systems (at NIPS 2016)},
  year={2016}
}

@inproceedings{lowe2017multi,
  title={Multi-agent actor-critic for mixed cooperative-competitive environments},
  author={Lowe, Ryan and Wu, Yi and Tamar, Aviv and Harb, Jean and Abbeel, OpenAI Pieter and Mordatch, Igor},
  booktitle={Advances in Neural Information Processing Systems},
  pages={6379--6390},
  year={2017}
}

@article{arslan2016decentralized,
  title={Decentralized Q-learning for stochastic teams and games},
  author={Arslan, G{\"u}rdal and Y{\"u}ksel, Serdar},
  journal={IEEE Transactions on Automatic Control},
  volume={62},
  number={4},
  pages={1545--1558},
  year={2016},
  publisher={IEEE}
}


% Stochastic games
@book{filar2012competitive,
  title={Competitive Markov decision processes},
  author={Filar, Jerzy and Vrieze, Koos},
  year={2012},
  publisher={Springer Science \& Business Media}
}

@article{shapley1953stochastic,
  title={Stochastic games},
  author={Shapley, Lloyd S},
  journal={Proceedings of the national academy of sciences},
  volume={39},
  number={10},
  pages={1095--1100},
  year={1953},
  publisher={National Acad Sciences}
}

@article{littman2001value,
  title={Value-function reinforcement learning in Markov games},
  author={Littman, Michael L},
  journal={Cognitive Systems Research},
  volume={2},
  number={1},
  pages={55--66},
  year={2001},
  publisher={Elsevier}
}

@article{lasry2007mean,
  title={Mean field games},
  author={Lasry, Jean-Michel and Lions, Pierre-Louis},
  journal={Japanese journal of mathematics},
  volume={2},
  number={1},
  pages={229--260},
  year={2007},
  publisher={Springer}
}

@book{bishop1995neural,
  title={Neural networks for pattern recognition},
  author={Bishop, Christopher M and others},
  year={1995},
  publisher={Oxford university press}
}

@inproceedings{wang2013distributed,
  title={Distributed consensus in noncooperative congestion games: An application to road pricing},
  author={Wang, Xuehe and Xiao, Nan and Wongpiromsarn, Tichakorn and Xie, Lihua and Frazzoli, Emilio and Rus, Daniela},
  booktitle={2013 10th IEEE International Conference on Control and Automation (ICCA)},
  pages={1668--1673},
  year={2013},
  organization={IEEE}
}


@article{blume1993statistical,
  title={The statistical mechanics of strategic interaction},
  author={Blume, Lawrence E},
  journal={Games and economic behavior},
  volume={5},
  number={3},
  pages={387--424},
  year={1993},
  publisher={Elsevier}
}

@article{hofbauer2002global,
  title={On the global convergence of stochastic fictitious play},
  author={Hofbauer, Josef and Sandholm, William H},
  journal={Econometrica},
  volume={70},
  number={6},
  pages={2265--2294},
  year={2002},
  publisher={Wiley Online Library}
}

@article{topkis1979equilibrium,
  title={Equilibrium points in nonzero-sum n-person submodular games},
  author={Topkis, Donald M},
  journal={Siam Journal on control and optimization},
  volume={17},
  number={6},
  pages={773--787},
  year={1979},
  publisher={SIAM}
}

@article{vives1990nash,
  title={Nash equilibrium with strategic complementarities},
  author={Vives, Xavier},
  journal={Journal of Mathematical Economics},
  volume={19},
  number={3},
  pages={305--321},
  year={1990},
  publisher={Elsevier}
}

@article{milgrom1990rationalizability,
  title={Rationalizability, learning, and equilibrium in games with strategic complementarities},
  author={Milgrom, Paul and Roberts, John},
  journal={Econometrica: Journal of the Econometric Society},
  pages={1255--1277},
  year={1990},
  publisher={JSTOR}
}

@book{sergiu2013simple,
  title={Simple adaptive strategies: from regret-matching to uncoupled dynamics},
  author={Sergiu, Hart and Andreu, Mas-colell},
  volume={4},
  year={2013},
  publisher={World Scientific}
}

@book{sutton2018reinforcement,
  title={Reinforcement learning: An introduction},
  author={Sutton, Richard S and Barto, Andrew G},
  year={2018},
  publisher={MIT press}
}

@article{vinyals2017starcraft,
  title={Starcraft ii: A new challenge for reinforcement learning},
  author={Vinyals, Oriol and Ewalds, Timo and Bartunov, Sergey and Georgiev, Petko and Vezhnevets, Alexander Sasha and Yeo, Michelle and Makhzani, Alireza and K{\"u}ttler, Heinrich and Agapiou, John and Schrittwieser, Julian and others},
  journal={arXiv preprint arXiv:1708.04782},
  year={2017}
}

@article{zald2004dopamine,
  title={Dopamine transmission in the human striatum during monetary reward tasks},
  author={Zald, David H and Boileau, Isabelle and El-Dearedy, Wael and Gunn, Roger and McGlone, Francis and Dichter, Gabriel S and Dagher, Alain},
  journal={Journal of Neuroscience},
  volume={24},
  number={17},
  pages={4105--4112},
  year={2004},
  publisher={Soc Neuroscience}
}

@article{pessiglione2006dopamine,
  title={Dopamine-dependent prediction errors underpin reward-seeking behaviour in humans},
  author={Pessiglione, Mathias and Seymour, Ben and Flandin, Guillaume and Dolan, Raymond J and Frith, Chris D},
  journal={Nature},
  volume={442},
  number={7106},
  pages={1042},
  year={2006},
  publisher={Nature Publishing Group}
}

@article{rescorla1972theory,
  title={A theory of Pavlovian conditioning: Variations in the effectiveness of reinforcement and nonreinforcement},
  author={Rescorla, Robert A and Wagner, Allan R and others},
  journal={Classical conditioning II: Current research and theory},
  volume={2},
  pages={64--99},
  year={1972},
  publisher={New-York}
}

@article{kreps1982rational,
  title={Rational cooperation in the finitely repeated prisoners' dilemma},
  author={Kreps, David M and Milgrom, Paul and Roberts, John and Wilson, Robert},
  journal={Journal of Economic theory},
  volume={27},
  number={2},
  pages={245--252},
  year={1982},
  publisher={Elsevier}
}


